<record><leader>00000cas a22000007a 4500</leader><controlfield tag="001">27691805</controlfield><controlfield tag="008">930308d19721987nmuen ne      0    0eng d</controlfield><datafield ind1=" " ind2=" " tag="010"><subfield code="a">sn 93061621 </subfield></datafield><datafield ind1=" " ind2=" " tag="040"><subfield code="a">NVM</subfield><subfield code="b">eng</subfield><subfield code="c">NVM</subfield><subfield code="d">OCLCQ</subfield><subfield code="d">OCLCO</subfield></datafield><datafield ind1="1" ind2=" " tag="029"><subfield code="a">AU@</subfield><subfield code="b">000020744012</subfield></datafield><datafield ind1=" " ind2=" " tag="042"><subfield code="a">msc</subfield></datafield><datafield ind1=" " ind2=" " tag="043"><subfield code="a">n-us-nm</subfield></datafield><datafield ind1="0" ind2="0" tag="245"><subfield code="a">WNMU mustang.</subfield></datafield><datafield ind1="3" ind2="0" tag="246"><subfield code="a">Western New Mexico University mustang</subfield></datafield><datafield ind1=" " ind2=" " tag="260"><subfield code="a">[Silver City, N.M.] :</subfield><subfield code="b">Board of Student Publications of the United Students of Western New Mexico University</subfield></datafield><datafield ind1=" " ind2=" " tag="300"><subfield code="a">v.</subfield></datafield><datafield ind1=" " ind2=" " tag="310"><subfield code="a">Biweekly (during school year)</subfield></datafield><datafield ind1="1" ind2=" " tag="362"><subfield code="a">Began 1972; ceased 1987.</subfield></datafield><datafield ind1=" " ind2=" " tag="530"><subfield code="a">Also on microfilm: El Paso, Tex. : Southwest Micropublishing, Inc.</subfield></datafield><datafield ind1=" " ind2=" " tag="588"><subfield code="a">Description based on: Vol. 67, no. 1 (June 30, 1972).</subfield></datafield><datafield ind1=" " ind2="4" tag="651"><subfield code="a">Silver City (N.M.)</subfield><subfield code="v">Newspapers.</subfield></datafield><datafield ind1=" " ind2="4" tag="651"><subfield code="a">Grant County (N.M.)</subfield><subfield code="v">Newspapers.</subfield></datafield><datafield ind1="2" ind2=" " tag="710"><subfield code="a">Western New Mexico University.</subfield></datafield><datafield ind1=" " ind2=" " tag="752"><subfield code="a">United States</subfield><subfield code="b">New Mexico</subfield><subfield code="c">Grant</subfield><subfield code="d">Silver City.</subfield></datafield><datafield ind1="0" ind2="0" tag="780"><subfield code="t">Mustang (Silver City, N.M. : 1923)</subfield><subfield code="w">(DLC)sn 94056915</subfield></datafield><datafield ind1="0" ind2="0" tag="785"><subfield code="t">Mustang (Silver City, N.M. : 1987)</subfield><subfield code="w">(DLC)sn 93061622</subfield></datafield></record>